% Encoding: UTF-8

@Article{ut,
  author    = {Liu, Chao and Zhao, Qi and Yan, Bai and Elsayed, Saber and Ray, Tapabrata and Sarker, Ruhul},
  title     = {Adaptive Sorting-based Evolutionary Algorithm for Many-Objective Optimization},
  journal   = {IEEE Transactions on Evolutionary Computation},
  year      = {2018},
  note      = {[J]TEVC},
  publisher = {IEEE},
}

@InProceedings{hisao1,
  author       = {Jones, Oliver PH and Oakley, Jeremy E and Purshouse, Robin C},
  title        = {Component-level study of a decomposition-based multi-objective optimizer on a limited evaluation budget},
  booktitle    = {Proceedings of the Genetic and Evolutionary Computation Conference},
  year         = {2018},
  pages        = {689--696},
  organization = {ACM},
  note         = {[C]GECCO},
}

@Article{hisao2,
  author    = {Ishibuchi, Hisao and Imada, Ryo and Setoguchi, Yu and Nojima, Yusuke},
  title     = {How to Specify a Reference Point in Hypervolume Calculation for Fair Performance Comparison},
  journal   = {Evolutionary computation},
  year      = {2018},
  pages     = {1--29},
  note      = {[J]EC},
  publisher = {MIT Press},
}

@Article{hisao3,
  author  = {Tian, Ye and Cheng, Ran and Zhang, Xingyi and Jin, Yaochu},
  title   = {{PlatEMO}: A {MATLAB} platform for evolutionary multi-objective optimization},
  journal = {IEEE Computational Intelligence Magazine},
  year    = {2017},
  volume  = {12},
  number  = {4},
  pages   = {73--87},
  comment = {PlatEMO},
}

@Article{smsemoa,
  author    = {Ishibuchi, Hisao and Setoguchi, Yu and Masuda, Hiroyuki and Nojima, Yusuke},
  title     = {Performance of decomposition-based many-objective algorithms strongly depends on Pareto front shapes},
  journal   = {IEEE Transactions on Evolutionary Computation},
  year      = {2017},
  volume    = {21},
  number    = {2},
  pages     = {169--190},
  note      = {[J]TEVC},
  comment   = {PFshape},
  publisher = {IEEE},
}

@InProceedings{hisaos,
  author       = {Ishibuchi, Hisao and Imada, Ryo and Setoguchi, Yu and Nojima, Yusuke},
  title        = {Reference point specification in hypervolume calculation for fair comparison and efficient search},
  booktitle    = {Proceedings of the Genetic and Evolutionary Computation Conference},
  year         = {2017},
  pages        = {585--592},
  organization = {ACM},
  note         = {[C]GECCO},
}

@InProceedings{zhangqingfuHypE,
  author       = {Ishibuchi, Hisao and Imada, Ryo and Setoguchi, Yu and Nojima, Yusuke},
  title        = {Hypervolume subset selection for triangular and inverted triangular pareto fronts of three-objective problems},
  booktitle    = {Proceedings of the 14th ACM/SIGEVO Conference on Foundations of Genetic Algorithms},
  year         = {2017},
  pages        = {95--110},
  organization = {ACM},
}

@Article{hisao,
  author    = {Ishibuchi, Hisao and Doi, Ken and Nojima, Yusuke},
  title     = {On the effect of normalization in MOEA/D for multi-objective and many-objective optimization},
  journal   = {Complex \& Intelligent Systems},
  year      = {2017},
  volume    = {3},
  number    = {4},
  pages     = {279--294},
  comment   = {Normalization},
  publisher = {Springer},
}

@Article{hisao26,
  author    = {Yuan, Yuan and Xu, Hua and Wang, Bo and Yao, Xin},
  title     = {A new dominance relation-based evolutionary algorithm for many-objective optimization},
  journal   = {IEEE Transactions on Evolutionary Computation},
  year      = {2016},
  volume    = {20},
  number    = {1},
  pages     = {16--37},
  note      = {[J]TEVC},
  comment   = {Î¸-DEA},
  publisher = {IEEE},
}

@Article{lscd27,
  author  = {Jain, Himanshu and Deb, Kalyanmoy},
  title   = {An Evolutionary Many-Objective Optimization Algorithm Using Reference-Point Based Nondominated Sorting Approach, Part II: Handling Constraints and Extending to an Adaptive Approach.},
  journal = {IEEE Trans. Evolutionary Computation},
  year    = {2014},
  volume  = {18},
  number  = {4},
  pages   = {602--622},
  note    = {[J]TEVC},
  comment = {IDTLZ},
}

@Article{lscd,
  author  = {Deb, Kalyanmoy and Jain, Himanshu},
  title   = {An evolutionary many-objective optimization algorithm using reference-point-based nondominated sorting approach, part I: Solving problems with box constraints.},
  journal = {IEEE Trans. Evolutionary Computation},
  year    = {2014},
  volume  = {18},
  number  = {4},
  pages   = {577--601},
  note    = {[J]TEVC},
  comment = {NSGAIII},
}

@Article{FVEMOA,
  author    = {While, Lyndon and Bradstreet, Lucas and Barone, Luigi},
  title     = {A fast way of calculating exact hypervolumes},
  journal   = {IEEE Transactions on Evolutionary Computation},
  year      = {2012},
  volume    = {16},
  number    = {1},
  pages     = {86--95},
  note      = {[J]TEVC},
  comment   = {fast HV},
  publisher = {IEEE},
}

@Article{DTLZ1,
  author    = {Bader, Johannes and Zitzler, Eckart},
  title     = {HypE: An algorithm for fast hypervolume-based many-objective optimization},
  journal   = {Evolutionary computation},
  year      = {2011},
  volume    = {19},
  number    = {1},
  pages     = {45--76},
  note      = {[J]EC},
  comment   = {Hype},
  publisher = {MIT Press},
}

@Article{C1DTLZ1,
  author    = {Zhang, Qingfu and Li, Hui},
  title     = {MOEA/D: A multiobjective evolutionary algorithm based on decomposition},
  journal   = {IEEE Transactions on evolutionary computation},
  year      = {2007},
  volume    = {11},
  number    = {6},
  pages     = {712--731},
  note      = {[J]TEVC},
  comment   = {MOEA/D},
  publisher = {IEEE},
}

@Article{IDTLZ1,
  author    = {Beume, Nicola and Naujoks, Boris and Emmerich, Michael},
  title     = {SMS-EMOA: Multiobjective selection based on dominated hypervolume},
  journal   = {European Journal of Operational Research},
  year      = {2007},
  volume    = {181},
  number    = {3},
  pages     = {1653--1669},
  comment   = {SMS-EMOA},
  publisher = {Elsevier},
}

@Article{MaF1,
  author    = {Huband, Simon and Hingston, Philip and Barone, Luigi and While, Lyndon},
  title     = {A review of multiobjective test problems and a scalable test problem toolkit},
  journal   = {IEEE Transactions on Evolutionary Computation},
  year      = {2006},
  volume    = {10},
  number    = {5},
  pages     = {477--506},
  note      = {[J]TEVC},
  comment   = {WFG},
  publisher = {IEEE},
}

@InProceedings{IEEEhowto:kopka1,
  author    = {Grodzevich, Oleg and Romanko, Oleksandr},
  title     = {Normalization and other topics in multi-objective optimization},
  booktitle = {Fields-MITACS Industrial Problems Workshop},
  year      = {2006},
}

@InProceedings{deb2002scalable,
  author       = {Deb, Kalyanmoy and Thiele, Lothar and Laumanns, Marco and Zitzler, Eckart},
  title        = {Scalable multi-objective optimization test problems},
  booktitle    = {Evolutionary Computation, 2002. CEC'02. Proceedings of the 2002 Congress on},
  year         = {2002},
  volume       = {1},
  pages        = {825--830},
  organization = {IEEE},
  note         = {[C]CEC},
  comment      = {DTLZ},
}

@Article{deb2002nsgaii,
  author    = {Deb, Kalyanmoy and Pratap, Amrit and Agarwal, Sameer and Meyarivan, TAMT},
  title     = {A fast and elitist multiobjective genetic algorithm: NSGA-II},
  journal   = {IEEE transactions on evolutionary computation},
  year      = {2002},
  volume    = {6},
  number    = {2},
  pages     = {182--197},
  note      = {[J]TEVC},
  comment   = {NSGAII},
  publisher = {IEEE},
}

@Article{wilcoxon1945rank,
  author    = {Wilcoxon, Frank},
  title     = {Individual comparisons by ranking methods},
  journal   = {Biometrics bulletin},
  year      = {1945},
  volume    = {1},
  number    = {6},
  pages     = {80--83},
  publisher = {JSTOR},
}

@Article{das1998normal,
  author    = {Das, Indraneel and Dennis, John E},
  title     = {Normal-boundary intersection: A new method for generating the Pareto surface in nonlinear multicriteria optimization problems},
  journal   = {SIAM Journal on Optimization},
  year      = {1998},
  volume    = {8},
  number    = {3},
  pages     = {631--657},
  comment   = {simplex WV},
  publisher = {SIAM},
}

@InProceedings{bhattacharjee2017decomposition,
  author       = {Bhattacharjee, Kalyan Shankar and Singh, Hemant Kumar and Ray, Tapabrata and Zhang, Qingfu},
  title        = {Decomposition based evolutionary algorithm with a dual set of reference vectors},
  booktitle    = {2017 IEEE Congress on Evolutionary Computation (CEC)},
  year         = {2017},
  pages        = {105--112},
  organization = {IEEE},
  note         = {[C]CEC},
  comment      = {dual WV},
}

@Article{li2017weights,
  author  = {Li, Miqing and Yao, Xin},
  title   = {What weights work for you? adapting weights for any pareto front shape in decomposition-based evolutionary multi-objective optimisation},
  journal = {arXiv preprint arXiv:1709.02679},
  year    = {2017},
  comment = {AdaW},
}

@Article{he2018evolutionary,
  author    = {He, Xiaoyu and Zhou, Yuren and Chen, Zefeng and Zhang, Qingfu},
  title     = {Evolutionary Many-objective Optimization based on Dynamical Decomposition},
  journal   = {IEEE Transactions on Evolutionary Computation},
  year      = {2018},
  note      = {[J]TEVC},
  comment   = {DDR},
  publisher = {IEEE},
}

@Article{li2014evolutionary,
  author    = {Li, Ke and Deb, Kalyanmoy and Zhang, Qingfu and Kwong, Sam},
  title     = {An evolutionary many-objective optimization algorithm based on dominance and decomposition},
  journal   = {IEEE Transactions on Evolutionary Computation},
  year      = {2014},
  volume    = {19},
  number    = {5},
  pages     = {694--716},
  note      = {[J]TEVC},
  comment   = {MOEA/DD},
  publisher = {IEEE},
}

@Article{tian2018indicator,
  author    = {Tian, Ye and Cheng, Ran and Zhang, Xingyi and Cheng, Fan and Jin, Yaochu},
  title     = {An indicator-based multiobjective evolutionary algorithm with reference point adaptation for better versatility},
  journal   = {IEEE Transactions on Evolutionary Computation},
  year      = {2018},
  volume    = {22},
  number    = {4},
  pages     = {609--622},
  comment   = {AR-MOEA},
  publisher = {IEEE},
}

@InProceedings{ishibuchi2016use,
  author       = {Ishibuchi, Hisao and Doi, Ken and Nojima, Yusuke},
  title        = {Use of piecewise linear and nonlinear scalarizing functions in MOEA/D},
  booktitle    = {International Conference on Parallel Problem Solving from Nature},
  year         = {2016},
  pages        = {503--513},
  organization = {Springer},
  note         = {[C]PPSN},
  comment      = {Î¸},
}

@InProceedings{ishibuchi2015relation,
  author       = {Ishibuchi, Hisao and Doi, Ken and Masuda, Hiroyuki and Nojima, Yusuke},
  title        = {Relation between weight vectors and solutions in MOEA/D},
  booktitle    = {2015 IEEE Symposium Series on Computational Intelligence},
  year         = {2015},
  pages        = {861--868},
  organization = {IEEE},
  note         = {[C]SSCI},
  comment      = {Î¸},
}

@Article{tian2018strengthened,
  author    = {Tian, Ye and Cheng, Ran and Zhang, Xingyi and Su, Yansen and Jin, Yaochu},
  title     = {A strengthened dominance relation considering convergence and diversity for evolutionary many-objective optimization},
  journal   = {IEEE Transactions on Evolutionary Computation},
  year      = {2018},
  note      = {[J]TEVC},
  comment   = {SDR},
  publisher = {IEEE},
}

@Article{cheng2016reference,
  author    = {Cheng, Ran and Jin, Yaochu and Olhofer, Markus and Sendhoff, Bernhard},
  title     = {A reference vector guided evolutionary algorithm for many-objective optimization},
  journal   = {IEEE Transactions on Evolutionary Computation},
  year      = {2016},
  volume    = {20},
  number    = {5},
  pages     = {773--791},
  note      = {[J]TEV},
  comment   = {RVEA},
  publisher = {IEEE},
}

@Article{asafuddoula2014decomposition,
  author    = {Asafuddoula, Md and Ray, Tapabrata and Sarker, Ruhul},
  title     = {A decomposition-based evolutionary algorithm for many objective optimization},
  journal   = {IEEE Transactions on Evolutionary Computation},
  year      = {2014},
  volume    = {19},
  number    = {3},
  pages     = {445--460},
  note      = {[J]TEVC},
  comment   = {IDBEA},
  publisher = {IEEE},
}

@InProceedings{tanabe2018decomposition,
  author       = {Tanabe, Ryoji and Ishibuchi, Hisao},
  title        = {A Decomposition-Based Evolutionary Algorithm for Multi-modal Multi-objective Optimization},
  booktitle    = {International Conference on Parallel Problem Solving from Nature},
  year         = {2018},
  pages        = {249--261},
  organization = {Springer},
  note         = {[C]PPSN},
}

@Article{sato2015analysis,
  author    = {Sato, Hiroyuki},
  title     = {Analysis of inverted PBI and comparison with other scalarizing functions in decomposition based MOEAs},
  journal   = {Journal of Heuristics},
  year      = {2015},
  volume    = {21},
  number    = {6},
  pages     = {819--849},
  publisher = {Springer},
}

@Article{wang2016decomposition,
  author    = {Wang, Rui and Zhang, Qingfu and Zhang, Tao},
  title     = {Decomposition-based algorithms using Pareto adaptive scalarizing methods},
  journal   = {IEEE Transactions on Evolutionary Computation},
  year      = {2016},
  volume    = {20},
  number    = {6},
  pages     = {821--837},
  note      = {[J]TEVC},
  publisher = {IEEE},
}

@Article{wang2016localized,
  author    = {Wang, Rui and Zhou, Zhongbao and Ishibuchi, Hisao and Liao, Tianjun and Zhang, Tao},
  title     = {Localized weighted sum method for many-objective optimization},
  journal   = {IEEE Transactions on Evolutionary Computation},
  year      = {2016},
  volume    = {22},
  number    = {1},
  pages     = {3--18},
  note      = {[J]TEVC},
  publisher = {IEEE},
}

@Article{wang2014two_arch2,
  author    = {Wang, Handing and Jiao, Licheng and Yao, Xin},
  title     = {Two\_Arch2: An improved two-archive algorithm for many-objective optimization},
  journal   = {IEEE transactions on evolutionary computation},
  year      = {2014},
  volume    = {19},
  number    = {4},
  pages     = {524--541},
  note      = {[J]TEVC},
  comment   = {Two_Arch2},
  publisher = {IEEE},
}

@Article{wang2017effect,
  author    = {Wang, Rui and Xiong, Jian and Ishibuchi, Hisao and Wu, Guohua and Zhang, Tao},
  title     = {On the effect of reference point in MOEA/D for multi-objective optimization},
  journal   = {Applied Soft Computing},
  year      = {2017},
  volume    = {58},
  pages     = {25--34},
  publisher = {Elsevier},
}

@Article{wang2012preference,
  author    = {Wang, Rui and Purshouse, Robin C and Fleming, Peter J},
  title     = {Preference-inspired coevolutionary algorithms for many-objective optimization},
  journal   = {IEEE transactions on evolutionary computation},
  year      = {2012},
  volume    = {17},
  number    = {4},
  pages     = {474--494},
  note      = {[J]TEVC},
  publisher = {IEEE},
}

@Article{wang2017use,
  author    = {Wang, Zhenkun and Zhang, Qingfu and Li, Hui and Ishibuchi, Hisao and Jiao, Licheng},
  title     = {On the use of two reference points in decomposition based multiobjective evolutionary algorithms},
  journal   = {Swarm and evolutionary computation},
  year      = {2017},
  volume    = {34},
  pages     = {89--102},
  publisher = {Elsevier},
}

@Article{zhang2016decision,
  author    = {Zhang, Xingyi and Tian, Ye and Cheng, Ran and Jin, Yaochu},
  title     = {A decision variable clustering-based evolutionary algorithm for large-scale many-objective optimization},
  journal   = {IEEE Transactions on Evolutionary Computation},
  year      = {2016},
  volume    = {22},
  number    = {1},
  pages     = {97--112},
  note      = {[J]TEVC},
  publisher = {IEEE},
}

@Article{jiang2017strength,
  author    = {Jiang, Shouyong and Yang, Shengxiang},
  title     = {A strength Pareto evolutionary algorithm based on reference direction for multiobjective and many-objective optimization},
  journal   = {IEEE Transactions on Evolutionary Computation},
  year      = {2017},
  volume    = {21},
  number    = {3},
  pages     = {329--346},
  note      = {[J]TEVC},
  publisher = {IEEE},
}

@Article{zitzler2001spea2,
  author    = {Zitzler, Eckart and Laumanns, Marco and Thiele, Lothar},
  title     = {SPEA2: Improving the strength Pareto evolutionary algorithm},
  journal   = {TIK-report},
  year      = {2001},
  volume    = {103},
  comment   = {SPEA2},
  publisher = {Eidgen{\"o}ssische Technische Hochschule Z{\"u}rich (ETH), Institut f{\"u}r Technische~â¦},
}

@Article{Liu2018,
  author    = {Liu, Chao and Zhao, Qi and Yan, Bai and Elsayed, Saber and Ray, Tapabrata and Sarker, Ruhul},
  title     = {Adaptive Sorting-based Evolutionary Algorithm for Many-Objective Optimization},
  journal   = {IEEE Transactions on Evolutionary Computation},
  year      = {2018},
  note      = {[J]TEVC},
  publisher = {IEEE},
}

@InProceedings{hernandez2015mombi2,
  author       = {Hern{\'a}ndez G{\'o}mez, Raquel and Coello Coello, Carlos A},
  title        = {Improved metaheuristic based on the R2 indicator for many-objective optimization},
  booktitle    = {Proceedings of the 2015 Annual Conference on Genetic and Evolutionary Computation},
  year         = {2015},
  pages        = {679--686},
  organization = {ACM},
  comment      = {MOMBI-II},
}

@InProceedings{ishibuchi2008review,
  author       = {Ishibuchi, Hisao and Tsukamoto, Noritaka and Nojima, Yusuke},
  title        = {Evolutionary many-objective optimization: A short review},
  booktitle    = {2008 IEEE Congress on Evolutionary Computation (IEEE World Congress on Computational Intelligence)},
  year         = {2008},
  pages        = {2419--2426},
  organization = {IEEE},
  comment      = {review},
}

@Article{trivedi2016survey,
  author    = {Trivedi, Anupam and Srinivasan, Dipti and Sanyal, Krishnendu and Ghosh, Abhiroop},
  title     = {A survey of multiobjective evolutionary algorithms based on decomposition},
  journal   = {IEEE Transactions on Evolutionary Computation},
  year      = {2016},
  volume    = {21},
  number    = {3},
  pages     = {440--462},
  comment   = {MOEA/D survey},
  publisher = {IEEE},
}

@Article{yuan2015balancing,
  author    = {Yuan, Yuan and Xu, Hua and Wang, Bo and Zhang, Bo and Yao, Xin},
  title     = {Balancing convergence and diversity in decomposition-based many-objective optimizers},
  journal   = {IEEE Transactions on Evolutionary Computation},
  year      = {2015},
  volume    = {20},
  number    = {2},
  pages     = {180--198},
  publisher = {IEEE},
}

@Article{deb2010nadir,
  author    = {Deb, Kalyanmoy and Miettinen, Kaisa and Chaudhuri, Shamik},
  title     = {Toward an estimation of nadir objective vector using a hybrid of evolutionary and local search approaches},
  journal   = {IEEE Transactions on Evolutionary Computation},
  year      = {2010},
  volume    = {14},
  number    = {6},
  pages     = {821--841},
  publisher = {IEEE},
}

@Comment{jabref-meta: databaseType:bibtex;}
