% Encoding: UTF-8

@inproceedings{hypervolume, 
  title={Multiobjective optimization using evolutionary algorithms$â€”-${A} comparative case study},
  author={Zitzler, Eckart and Thiele, Lothar},
  booktitle={Parallel Problem Solving from Nature, V},
  pages={292--301},
  year={1998},
  organization={Berlin, Germany: Springer-Verlag}
}

@book{R2,
  title={Evaluating the Quality of Approximations to the Non-dominated Set},
  author={Hansen, Michael Pilegaard and Jaszkiewicz, Andrzej},
  year={1994},
  publisher={IMM, Department of Mathematical Modelling, Technical Universityof Denmark}
}

@article{e+,
 author = {Zitzler, E. and Thiele, L. and Laumanns, M. and Fonseca, C. M. and da Fonseca, V. G.},
 title = {Performance Assessment of Multiobjective Optimizers: An Analysis and Review},
 journal = {IEEE Transactions on Evolutionary Computation},
 issue_date = {April 2003},
 volume = {7},
 number = {2},
 month = apr,
 year = {2003},
 issn = {1089-778X},
 pages = {117--132},
 numpages = {16},
 url = {http://dx.doi.org/10.1109/TEVC.2003.810758},
 doi = {10.1109/TEVC.2003.810758},
 acmid = {2221632},
 publisher = {IEEE Press},
 address = {Piscataway, NJ, USA},
} 

@inproceedings{pareto_compliant,
  title={The hypervolume indicator revisited: On the design of Pareto-compliant indicators via weighted integration},
  author={Zitzler, Eckart and Brockhoff, Dimo and Thiele, Lothar},
  booktitle={International Conference on Evolutionary Multi-Criterion Optimization},
  pages={862--876},
  year={2007},
  organization={Springer}
}


@inproceedings{IGD,
  title={A study of the parallelization of a coevolutionary multi-objective evolutionary algorithm},
  author={Coello, Carlos A Coello and Sierra, Margarita Reyes},
  booktitle={Mexican International Conference on Artificial Intelligence},
  pages={688--697},
  year={2004},
  organization={Springer}
}

@article{HypE,
  title={{HypE}: An algorithm for fast hypervolume-based many-objective optimization},
  author={Bader, Johannes and Zitzler, Eckart},
  journal={Evolutionary Computation},
  volume={19},
  number={1},
  pages={45--76},
  year={2011},
  publisher={MIT Press}
}

@inproceedings{newR2,
 author = {Shang, Ke and Ishibuchi, Hisao and Zhang, Min-Ling and Liu, Yiping},
 title = {A New {R2} Indicator for Better Hypervolume Approximation},
 booktitle = {Proceedings of the Genetic and Evolutionary Computation Conference},
 series = {GECCO '18},
 year = {2018},
 isbn = {978-1-4503-5618-3},
 location = {Kyoto, Japan},
 pages = {745--752},
 numpages = {8},
 url = {http://doi.acm.org/10.1145/3205455.3205543},
 doi = {10.1145/3205455.3205543},
 acmid = {3205543},
 publisher = {ACM},
 address = {New York, NY, USA},
 keywords = {R2 indicator, divergence theorem, hypervolume approximation, riemann sum},
} 

@article{ismsemoa,
  title={An Improved S-Metric Selection Evolutionary Multi-Objective Algorithm With Adaptive Resource Allocation},
  author={Menchaca-M{\'e}ndez, Adriana and Montero, Elizabeth and Zapotecas-Mart{\'\i}nez, Sa{\'u}l},
  journal={IEEE Access},
  volume={6},
  pages={63382--63401},
  year={2018},
  publisher={IEEE}
}

@article{smsemoa,
  title={{SMS-EMOA}: Multiobjective selection based on dominated hypervolume},
  author={Beume, Nicola and Naujoks, Boris and Emmerich, Michael},
  journal={European Journal of Operational Research},
  volume={181},
  number={3},
  pages={1653--1669},
  year={2007},
  publisher={Elsevier}
}

@article{FVEMOA,
  title={A simple and fast hypervolume indicator-based multiobjective evolutionary algorithm},
  author={Jiang, Siwei and Zhang, Jie and Ong, Yew-Soon and Zhang, Allan N and Tan, Puay Siew},
  journal={IEEE Transactions on Cybernetics},
  volume={45},
  number={10},
  pages={2202--2213},
  year={2014},
  publisher={IEEE}
}

@article{PlatEMO,
  title={{PlatEMO}: A {MATLAB} Platform for Evolutionary Multi-Objective Optimization [Educational Forum]},
  author={Tian, Ye and Cheng, Ran and Zhang, Xingyi and Jin, Yaochu},
  journal={IEEE Computational Intelligence Magazine},
  volume={12},
  number={4},
  pages={73-87},
  year={2017},
}

@inproceedings{hisao:dynamic,
  title={Dynamic Specification of a Reference Point for Hypervolume Calculation in {SMS-EMOA}},
  author={Ishibuchi, Hisao and Imada, Ryo and Masuyama, Naoki and Nojima, Yusuke},
  booktitle={2018 IEEE Congress on Evolutionary Computation (CEC)},
  pages={1--8},
  year={2018},
  organization={IEEE}
}

@article{hisao:RPhowtoSpecify,
  title={How to Specify a Reference Point in Hypervolume Calculation for Fair Performance Comparison},
  author={Ishibuchi, Hisao and Imada, Ryo and Yu, Setoguchi and Nojima, Yusuke},
  journal={Evolutionary Computation},
  volume={26},
  number={3},
  pages={1-29},
  year={2018},
}

@inproceedings{hisao:RPexplanation,
  title={Hypervolume subset selection for triangular and inverted triangular Pareto fronts of three-objective problems},
  author={Ishibuchi, Hisao and Imada, Ryo and Setoguchi, Yu and Nojima, Yusuke},
  booktitle={Proceedings of the 14th ACM/SIGEVO Conference on Foundations of Genetic Algorithms},
  pages={95--110},
  year={2017},
  organization={ACM}
}

@article{hypervolume:computationLoad,
  title={On the Complexity of Computing the Hypervolume Indicator},
  author={Beume, Nicola and Fonseca, Carlos M. and Lopez-Ibanez, Manuel and Paquete, Luis and Vahrenhold, Jan},
  journal={IEEE Transactions on Evolutionary Computation},
  volume={13},
  number={5},
  pages={1075-1082},
  year={2009},
}

@inproceedings{hisao:RPspecify,
  title={Reference point specification in hypervolume calculation for fair comparison and efficient search},
  author={Ishibuchi, Hisao and Imada, Ryo and Setoguchi, Yu and Nojima, Yusuke},
  booktitle={Proceedings of the Genetic and Evolutionary Computation Conference},
  pages={585--592},
  year={2017},
  organization={ACM}
}

@inproceedings{hisao:twoRP,
  title={Use of Two Reference Points in Hypervolume-Based Evolutionary Multiobjective Optimization Algorithms},
  author={Ishibuchi, Hisao and Imada, Ryo and Masuyama, Naoki and Nojima, Yusuke},
  booktitle={International Conference on Parallel Problem Solving from Nature},
  pages={384--396},
  year={2018},
  organization={Springer}
}

@inproceedings{convergenceDetection:1,
  title={A convergence criterion for multiobjective evolutionary algorithms based on systematic statistical testing},
  author={Trautmann, Heike and Ligges, Uwe and Mehnen, J{\"o}rn and Preuss, Mike},
  booktitle={International Conference on Parallel Problem Solving from Nature},
  pages={825--836},
  year={2008},
  organization={Springer}
}

@inproceedings{convergenceDetection:maxCD,
  title={A steady performance stopping criterion for Pareto-based evolutionary algorithms},
  author={Rudenko, Olga and Schoenauer, Marc},
  booktitle={6th International Multi-Objective Programming and Goal Programming Conference},
  year={2004}
}

@inproceedings{convergenceDetection:online,
  title={A taxonomy of online stopping criteria for multi-objective evolutionary algorithms},
  author={Wagner, Tobias and Trautmann, Heike and Mart{\'\i}, Luis},
  booktitle={International Conference on Evolutionary Multi-Criterion Optimization},
  pages={16--30},
  year={2011},
  organization={Springer}
}

@inproceedings{convergenceDetection:LSSC,
  title={Introducing a robust and efficient stopping criterion for {MOEAs}},
  author={Guerrero, Jos{\'e} L and Mart{\'\i}, Luis and Berlanga, Antonio and Garc{\'\i}a, Jes{\'u}s and Molina, Jos{\'e} M},
  booktitle={IEEE Congress on Evolutionary Computation},
  pages={1--8},
  year={2010},
  organization={IEEE}
}

@inproceedings{convergenceDetection:OCD,
  title={{OCD}: Online convergence detection for evolutionary multi-objective algorithms based on statistical testing},
  author={Wagner, Tobias and Trautmann, Heike and Naujoks, Boris},
  booktitle={International Conference on Evolutionary Multi-Criterion Optimization},
  pages={198--215},
  year={2009},
  organization={Springer}
}

@TECHREPORT{convergenceDetection:convergenceMetric,
  title={Running performance metrics for evolutionary multi-objective optimization},
  author={Deb, Kalyanmoy and Jain, Sachin},
  year={2002},
  publisher={Citeseer}
}

@article{convergenceDetection:OFCDandOCD,
  title={Statistical methods for convergence detection of multi-objective evolutionary algorithms},
  author={Trautmann, Heike and Wagner, Tobias and Naujoks, Boris and Preuss, Mike and Mehnen, J{\"o}rn},
  journal={Evolutionary Computation},
  volume={17},
  number={4},
  pages={493--509},
  year={2009},
  publisher={MIT Press}
}

@book{SimpleLeastSquares,
  title={Introductory Probability and Statistical Applications},
  author={Meyer, Paul L},
  year={1970},
  publisher={Addison-Wesley Publishing Company}
}


@inproceedings{DTLZ,
  title={Scalable multi-objective optimization test problems},
  author={Deb, Kalyanmoy and Thiele, Lothar and Laumanns, Marco and Zitzler, Eckart},
  booktitle={Proceedings of the 2002 Congress on Evolutionary Computation. CEC'02 (Cat. No. 02TH8600)},
  volume={1},
  pages={825--830},
  year={2002},
  organization={IEEE}
}

@article{WFG,
  title={A review of multiobjective test problems and a scalable test problem toolkit},
  author={Huband, Simon and Hingston, Philip and Barone, Luigi and While, Lyndon},
  journal={IEEE Transactions on Evolutionary Computation},
  volume={10},
  number={5},
  pages={477--506},
  year={2006},
  publisher={IEEE}
}

@article{minusTestProblem,
  title={Performance of decomposition-based many-objective algorithms strongly depends on Pareto front shapes},
  author={Ishibuchi, Hisao and Setoguchi, Yu and Masuda, Hiroyuki and Nojima, Yusuke},
  journal={IEEE Transactions on Evolutionary Computation},
  volume={21},
  number={2},
  pages={169--190},
  year={2016},
  publisher={IEEE}
}

@article{MaF,
  title={A benchmark test suite for evolutionary many-objective optimization},
  author={Cheng, Ran and Li, Miqing and Tian, Ye and Zhang, Xingyi and Yang, Shengxiang and Jin, Yaochu and Yao, Xin},
  journal={Complex \& Intelligent Systems},
  volume={3},
  number={1},
  pages={67--81},
  year={2017},
  publisher={Springer}
}

@article{DtA, 
  title={A generator for multiobjective test problems with difficult-to-approximate Pareto front boundaries},
  author={Wang, Zhenkun and Ong, Yew-Soon and Sun, Jianyong and Gupta, Abhishek and Zhang, Qingfu},
  journal={IEEE Transactions on Evolutionary Computation},
  year={2018},
  publisher={IEEE}
}

@article{dmp,
  title={On the effect of normalization in {MOEA/D} for multi-objective and many-objective optimization},
  author={Ishibuchi, Hisao and Doi, Ken and Nojima, Yusuke},
  journal={Complex \& Intelligent Systems},
  volume={3},
  number={4},
  pages={279--294},
  year={2017},
  publisher={Springer}
}

@article{invertedDTLZ1,
  title={An evolutionary many-objective optimization algorithm using reference-point based nondominated sorting approach, part {II}: handling constraints and extending to an adaptive approach},
  author={Jain, Himanshu and Deb, Kalyanmoy},
  journal={IEEE Transactions on Evolutionary Computation},
  volume={18},
  number={4},
  pages={602--622},
  year={2013},
  publisher={IEEE}
}

@article{MOEAD,
  title={{MOEA/D}: A multiobjective evolutionary algorithm based on decomposition},
  author={Zhang, Qingfu and Li, Hui},
  journal={IEEE Transactions on Evolutionary Computation},
  volume={11},
  number={6},
  pages={712--731},
  year={2007},
  publisher={IEEE}
}


@Comment{jabref-meta: databaseType:bibtex;}
